<record xmlns="http://www.openarchives.org/OAI/2.0/" xmlns:xsi="http://www.w3.org/2001/XMLSchema-instance">
  <header>
    <identifier>oai:atlantis.cern.ch:33</identifier>
    <datestamp>2014-04-14T09:10:58Z</datestamp>
    <setSpec>Eudat</setSpec>
  </header>
  <metadata>
    <marc:record xmlns:marc="http://www.loc.gov/MARC21/slim" xmlns:xsi="http://www.w3.org/2001/XMLSchema-instance" xsi:schemaLocation="http://www.loc.gov/MARC21/slim http://www.loc.gov/standards/marcxml/schema/MARC21slim.xsd" type="Bibliographic">
      <marc:leader>00000coc  2200000uu 4500</marc:leader>
      <marc:controlfield tag="001">33</marc:controlfield>
      <marc:controlfield tag="005">20140414121058.0</marc:controlfield>
      <marc:datafield tag="024" ind1="7" ind2=" ">
        <marc:subfield code="2">checksum</marc:subfield>
        <marc:subfield code="a">20b820956b3d10f808826c83c46949e16790095b6ea94419b078d5f26db528ec</marc:subfield>
      </marc:datafield>
      <marc:datafield tag="024" ind1="7" ind2=" ">
        <marc:subfield code="2">PID</marc:subfield>
        <marc:subfield code="a">http://hdl.handle.net/11304/32774ff8-b988-11e3-8cd7-14feb57d12b9</marc:subfield>
      </marc:datafield>
      <marc:datafield tag="100" ind1=" " ind2=" ">
        <marc:subfield code="a">atm-data@helsinki.fi Junninen, H; Lauri, A; Keronen, P; Aalto, P; Hiltunen, V; Hari, P; Kulmala, M. Smart-SMEAR: on-line data exploration and visualization tool for SMEAR stations. BOREAL ENVIRONMENT RESEARCH (BER) Vol 14, Issue 4, pp.447-457 ; Junninen, H ; Lauri, A ; Keronen, P ; Aalto, P ; Hiltunen, V ; Hari, P ; Kulmala, M.</marc:subfield>
      </marc:datafield>
      <marc:datafield tag="245" ind1=" " ind2=" ">
        <marc:subfield code="a">SMEAR Kumpula 2001-2004</marc:subfield>
      </marc:datafield>
      <marc:datafield tag="250" ind1=" " ind2=" ">
        <marc:subfield code="a">23-01-2014</marc:subfield>
      </marc:datafield>
      <marc:datafield tag="260" ind1=" " ind2=" ">
        <marc:subfield code="b">Department of Physics, University of Helsinki, PL64 00014, University of Helsinki</marc:subfield>
        <marc:subfield code="c">23-01-2014</marc:subfield>
      </marc:datafield>
      <marc:datafield tag="264" ind1=" " ind2=" ">
        <marc:subfield code="b">SimpleStore</marc:subfield>
        <marc:subfield code="c">2014-01-23 07:50:51.503823 UTC</marc:subfield>
      </marc:datafield>
      <marc:datafield tag="520" ind1=" " ind2=" ">
        <marc:subfield code="a">Helsinki Smear station lat 60&#194;&#176; 12.173' lon 24&#194;&#176; 57.663' https://wiki.helsinki.fi/display/SMEAR/Helsinki+database http://www.atm.helsinki.fi/SMEAR/</marc:subfield>
      </marc:datafield>
      <marc:datafield tag="540" ind1=" " ind2=" ">
        <marc:subfield code="a">CC BY-SA 4</marc:subfield>
      </marc:datafield>
      <marc:datafield tag="542" ind1=" " ind2=" ">
        <marc:subfield code="l">open</marc:subfield>
      </marc:datafield>
      <marc:datafield tag="546" ind1=" " ind2=" ">
        <marc:subfield code="a">en</marc:subfield>
      </marc:datafield>
      <marc:datafield tag="653" ind1="1" ind2=" ">
        <marc:subfield code="a">: Carbon monoxide concentration ; Sulphur dioxide concentration ; Ozone concentration ; Nitrogen monoxide concentration ; Nitrogen oxides concentration ; Temperature ; Infrared radiation of the sky ; Photosynthetically active radiation ; Global radiation ; Sea level pressure ; rainfall including melted snow ; Wind direction ; Wind speed ; Air temperature ; Dew point ; Relative humidity ; Pressure ;</marc:subfield>
      </marc:datafield>
      <marc:datafield tag="700" ind1=" " ind2=" ">
        <marc:subfield code="a">Junninen, H</marc:subfield>
      </marc:datafield>
      <marc:datafield tag="700" ind1=" " ind2=" ">
        <marc:subfield code="a">Lauri, A</marc:subfield>
      </marc:datafield>
      <marc:datafield tag="700" ind1=" " ind2=" ">
        <marc:subfield code="a">Keronen, P</marc:subfield>
      </marc:datafield>
      <marc:datafield tag="700" ind1=" " ind2=" ">
        <marc:subfield code="a">Aalto, P</marc:subfield>
      </marc:datafield>
      <marc:datafield tag="700" ind1=" " ind2=" ">
        <marc:subfield code="a">Hiltunen, V</marc:subfield>
      </marc:datafield>
      <marc:datafield tag="700" ind1=" " ind2=" ">
        <marc:subfield code="a">Hari, P</marc:subfield>
      </marc:datafield>
      <marc:datafield tag="700" ind1=" " ind2=" ">
        <marc:subfield code="a">Kulmala, M.</marc:subfield>
      </marc:datafield>
      <marc:datafield tag="856" ind1="0" ind2=" ">
        <marc:subfield code="f">pj@csc.fi</marc:subfield>
      </marc:datafield>
      <marc:datafield tag="856" ind1="4" ind2=" ">
        <marc:subfield code="s">10147344</marc:subfield>
        <marc:subfield code="u">https://b2share.eudat.eu/record/33/files/649cb308-8402-11e3-8ef2-005056943408.xz?version=1</marc:subfield>
      </marc:datafield>
      <marc:datafield tag="909" ind1="C" ind2="O">
        <marc:subfield code="o">oai:atlantis.cern.ch:33</marc:subfield>
        <marc:subfield code="p">GLOBAL_SET</marc:subfield>
        <marc:subfield code="p">Eudat</marc:subfield>
      </marc:datafield>
      <marc:datafield tag="980" ind1=" " ind2=" ">
        <marc:subfield code="a">generic</marc:subfield>
      </marc:datafield>
      <marc:datafield tag="980" ind1=" " ind2=" ">
        <marc:subfield code="a">HDF5 xz</marc:subfield>
      </marc:datafield>
    </marc:record>
  </metadata>
</record>
